<record><leader>00000cas a2200000 a 4500</leader><controlfield tag="001">10545720</controlfield><controlfield tag="008">840321c19589999fluwr ne      0   a0eng c</controlfield><datafield ind1=" " ind2=" " tag="010"><subfield code="a">sn 84007801 </subfield></datafield><datafield ind1=" " ind2=" " tag="040"><subfield code="a">NSD</subfield><subfield code="b">eng</subfield><subfield code="c">NSD</subfield><subfield code="d">FUG</subfield><subfield code="d">OCLCQ</subfield><subfield code="d">OCLCF</subfield><subfield code="d">OCLCO</subfield></datafield><datafield ind1=" " ind2=" " tag="012"><subfield code="i">9511</subfield><subfield code="m">1</subfield></datafield><datafield ind1="1" ind2=" " tag="022"><subfield code="a">0747-0967</subfield><subfield code="l">0747-0967</subfield><subfield code="y">0747-2538</subfield><subfield code="2">1</subfield></datafield><datafield ind1="1" ind2=" " tag="029"><subfield code="a">AU@</subfield><subfield code="b">000020332995</subfield></datafield><datafield ind1=" " ind2=" " tag="032"><subfield code="a">428360</subfield><subfield code="b">USPS</subfield></datafield><datafield ind1=" " ind2=" " tag="037"><subfield code="b">Perry News-Herald, P.O. Box 888, 123 S. Jefferson St., Perry, FL 32347</subfield></datafield><datafield ind1=" " ind2=" " tag="042"><subfield code="a">nsdp</subfield><subfield code="a">pcc</subfield></datafield><datafield ind1=" " ind2=" " tag="043"><subfield code="a">n-us-fl</subfield></datafield><datafield ind1=" " ind2="0" tag="222"><subfield code="a">Perry news-herald</subfield></datafield><datafield ind1="0" ind2="0" tag="245"><subfield code="a">Perry news-herald.</subfield></datafield><datafield ind1="3" ind2="0" tag="246"><subfield code="a">Perry news herald</subfield></datafield><datafield ind1=" " ind2=" " tag="260"><subfield code="a">Perry, Fla. :</subfield><subfield code="b">[s.n.],</subfield><subfield code="c">1958-</subfield></datafield><datafield ind1=" " ind2=" " tag="300"><subfield code="a">v.</subfield></datafield><datafield ind1=" " ind2=" " tag="310"><subfield code="a">Weekly</subfield></datafield><datafield ind1="0" ind2=" " tag="362"><subfield code="a">Vol. 29, no. 32 (Oct. 9, 1958)-</subfield></datafield><datafield ind1=" " ind2=" " tag="500"><subfield code="a">William E. Griffin, editor.</subfield></datafield><datafield ind1=" " ind2=" " tag="530"><subfield code="a">Also available on microfilm from the University of Florida.</subfield></datafield><datafield ind1=" " ind2="0" tag="651"><subfield code="a">Perry (Fla.)</subfield><subfield code="v">Newspapers.</subfield></datafield><datafield ind1=" " ind2="0" tag="651"><subfield code="a">Taylor County (Fla.)</subfield><subfield code="v">Newspapers.</subfield></datafield><datafield ind1=" " ind2="7" tag="655"><subfield code="a">Newspapers.</subfield><subfield code="2">fast</subfield><subfield code="0">(OCoLC)fst01423814</subfield></datafield><datafield ind1=" " ind2="7" tag="651"><subfield code="a">Florida</subfield><subfield code="z">Perry.</subfield><subfield code="2">fast</subfield><subfield code="0">(OCoLC)fst01215235</subfield></datafield><datafield ind1=" " ind2="7" tag="651"><subfield code="a">Florida</subfield><subfield code="z">Taylor County.</subfield><subfield code="2">fast</subfield><subfield code="0">(OCoLC)fst01215227</subfield></datafield><datafield ind1=" " ind2=" " tag="752"><subfield code="a">United States</subfield><subfield code="b">Florida</subfield><subfield code="c">Taylor</subfield><subfield code="d">Perry.</subfield></datafield><datafield ind1="0" ind2=" " tag="775"><subfield code="t">Taco times</subfield><subfield code="g">&lt;1989-1994&gt;</subfield><subfield code="w">(DLC)sn 84007718</subfield><subfield code="w">(OCoLC)10649452</subfield></datafield><datafield ind1="1" ind2=" " tag="776"><subfield code="c">Microfilm</subfield><subfield code="d">George A. Smathers Libraries, University of Florida</subfield><subfield code="w">(DLC)sn 96027605</subfield><subfield code="w">(OCoLC)35202514</subfield></datafield><datafield ind1="0" ind2="4" tag="780"><subfield code="t">Taylor County news</subfield><subfield code="w">(DLC)sn 95047311</subfield><subfield code="w">(OCoLC)33497529</subfield></datafield><datafield ind1="0" ind2="4" tag="780"><subfield code="t">Perry herald (Perry, Fla. : 1925)</subfield></datafield><datafield ind1=" " ind2=" " tag="850"><subfield code="a">FU</subfield></datafield><datafield ind1=" " ind2=" " tag="936"><subfield code="a">Vol. 65, no. 40 (Dec. 1-2, 1995) LIC</subfield></datafield></record>